@Book{bib:Matan_uchebnik,
 title = {Основы математического анализа часть 2},
 publisher = {Физматлит},
 year = {2015},
 ALTauthor = {В.А. Ильин, Э.Г. Позняк},
 ALTeditor = {},
 OPTkey = {},
 OPTvolume = {},
 OPTnumber = {},
 OPTseries = {},
 OPTaddress = {},
 OPTedition = {},
 OPTmonth = {},
 OPTnote = {},
 OPTannote = {},
 OPTurl = {},
 OPTurldate = {},
 OPTlastchecked = {},
 OPTdoi = {},
 OPTisbn = {},
 OPTissn = {},
 OPTlocalfile = {},
 OPTabstract = {},
 OPTkeywords = {},
}


@Book{bib:UMF_lectures,
 title = {Лекции по математической физике},
 publisher = {Издательство Московского Университета},
 year = {1993},
 ALTauthor = {Свешников А. Г. and Боголюбов А.Н. and Кравцов В.В.},
 ALTeditor = {Попов Ю.П.},
 OPTkey = {},
 OPTvolume = {},
 OPTnumber = {},
 OPTseries = {},
 OPTaddress = {},
 OPTedition = {},
 OPTmonth = {},
 OPTnote = {},
 OPTannote = {},
 OPTurl = {},
 OPTurldate = {},
 OPTlastchecked = {},
 OPTdoi = {},
 OPTisbn = {},
 OPTissn = {},
 OPTlocalfile = {},
 OPTabstract = {},
 OPTkeywords = {},
}

@Book{bib:Patankar,
 title = {Численные методы решения задач теплообмена и динамики жидкост},
 publisher = {Энергоатомиздат},
 year = {1984},
 ALTauthor = {Патанкар С.В.},
 ALTeditor = {},
 OPTkey = {},
 OPTvolume = {},
 OPTnumber = {},
 OPTseries = {},
 OPTaddress = {},
 OPTedition = {},
 OPTmonth = {},
 OPTnote = {},
 OPTannote = {},
 OPTurl = {},
 OPTurldate = {},
 OPTlastchecked = {},
 OPTdoi = {},
 OPTisbn = {},
 OPTissn = {},
 OPTlocalfile = {},
 OPTabstract = {},
 OPTkeywords = {},
}

@Booklet{bib:NechaevGnuPlot,
 title = {Краткое введение в gnuplot},
 OPTkey = {},
 OPTauthor = {Нечаев А.Н.},
 OPThowpublished = {},
 OPTaddress = {},
 OPTmonth = {Февраль},
 OPTyear = {2005},
 OPTnote = {},
 OPTannote = {},
 OPTurl = {https://phys.vsu.ru/~meremianin/pdfs/gnuplot-gdoc.pdf},
 OPTurldate = {28.12.2022},
 OPTlastchecked = {},
 OPTdoi = {https://phys.vsu.ru/~meremianin/pdfs/gnuplot-gdoc.pdf},
 OPTissn = {},
 OPTlocalfile = {},
 OPTabstract = {},
 OPTkeywords = {},
}

@Book{bib:Stolyarov,
 title = {Программированиие: введение в профессию},
 publisher = {ДМК Пресс},
 year = {2021},
 ALTauthor = {Столяров А.В.},
 ALTeditor = {},
 OPTkey = {},
 OPTvolume = {},
 OPTnumber = {},
 OPTseries = {},
 OPTaddress = {},
 OPTedition = {},
 OPTmonth = {},
 OPTnote = {},
 OPTannote = {},
 OPTurl = {http://stolyarov.info/books/programming_intro/dmk},
 OPTurldate = {28.12.2022},
 OPTlastchecked = {},
 OPTdoi = {http://stolyarov.info/books/programming_intro/dmk},
 OPTisbn = {},
 OPTissn = {},
 OPTlocalfile = {},
 OPTabstract = {},
 OPTkeywords = {},
}




